@book{ref,
  title         = "",
  author        = "",
  year          = "",
  publisher     = ""
}

@misc{thedjangobook,
  title         = "{Holovaty, A. and Kaplan-Moss, J., 2007,} \emph{The {D}efinitive {G}uide to {D}jango: {W}eb {D}evelopment {D}one {R}ight}",
  howpublished  = "\betterfakesc{url}: {\url{http://www.djangobook.com/en/2.0/index.html}}"
  
}

@book{SoftwareTestingFoundations,
  title         = "\emph{Spillner, A., Linz, T. and Schaefer, H., 2011}, {Software Testing Foundations, 3rd Edition}",
}

@book{ASTvol1,
  title         = "Advanced Software Testing - Vol. 1: Guide to the ISTQB Advanced Certification as an Advanced Test Analyst",
  author        = "Black, R.",
  year          = "2008",
  publisher     = "Rocky Nook"
}

@book{ASTvol2,
  title         = "Advanced Software Testing - Vol. 2, 2nd Edition: Guide to the ISTQB Advanced Certification as an Advanced Test Manager",
  author        = "Black, R.",
  year          = "2014",
  publisher     = "Rocky Nook"
}

@book{ASTvol3,
  title         = "\emph{Mitchell, J. L. and Black, R., 2015}, Advanced {S}oftware {T}esting - {V}ol. 3, 2nd {E}dition: {G}uide to the {ISTQB} {A}dvanced {C}ertification as an {A}dvanced {T}echnical {T}est {A}nalyst",
}

@book{heinsBok,
  title         = "Practical Model-Based Testing: A Tools Approach",
  author        = "Utting, M. and Legeard, B.",
  year          = "2006",
  publisher     = "Morgan Kaufmann"
}

@misc{abyteofpython,
  title         = "{Swaroop, C. H., 2004}, \emph{A Byte of Python}",
  howpublished  = "\betterfakesc{url}: \url{http://python.swaroopch.com/}",
  note          = "[ONLINE], Accessed: 2016-02-12"
  
}

@misc{djangoproject,
  title         = "\emph{Django: The Web Framework for Perfectionists with Deadlines}",
  howpublished  = "\betterfakesc{url}: {\url{https://www.djangoproject.com}}",
  note          = "[ONLINE], Accessed: 2016-01-31"
}

@misc{selDocWebDriver,
  title         = "\emph{Selenium {W}eb{D}river --- {S}elenium {D}ocumentation}",
  howpublished  = "\betterfakesc{url}: {\url{http://www.seleniumhq.org/docs/03_webdriver.jsp}}",
  note          = "[ONLINE], Accessed: 2016-02-02"
}

@techreport{tcsched,
     title = {\emph{Optimal Test Execution Scheduling on Multiple Machines with Resource Constraints}},
     author = "Mossige, M. and Gotlieb, A. and Meling, H. and Carlsson, M.",
     Date-Added = {2010-01-11 10:05:52},
     Date-Modified = {2010-07-22 12:08:45}
}

@misc{ci,
title = "{Fowler, M.}, \emph{Continuous {I}ntegration}",
howpublished = "\betterfakesc{url}: {\url{http://martinfowler.com/articles/continuousIntegration.html}}",
note = "[ONLINE], Accessed: 2016-03-13"
}


@misc{selGrid,
  title         = "\emph{Distributed Testing with Selenium Grid}",
  howpublished  = "\betterfakesc{url}: {\url{https://www.packtpub.com/sites/default/files/downloads/Distributed_Testing_with_Selenium_Grid.pdf}}",
  note          = "[ONLINE], Accessed: 2016-03-13"
}

Systematic Software Testing (Artech House Computer Library)

@misc{systematicSoftwareTesting,
  title         = "{Craig, R. D. and Jaskiel, S. P., 2002}, \emph{Systematic Software Testing}",
  howpublished  = "\betterfakesc{url}: {\url{http://flylib.com/books/en/2.174.1.1/1/}}",
  note          = "[ONLINE], Accessed: 2016-03-14"
}

@misc{pluralsight_endtoend,
  title         = "{Roberts, J., 2013}, \emph{Automated Testing: End to End}, {Pluralsight}",
  howpublished  = "\betterfakesc{url}: {\url{https://app.pluralsight.com/library/courses/automated-testing-end-to-end/table-of-contents}}",
  note          = "[ONLINE], Accessed: 2016-02-11"
}

https://saucelabs.com/press-room/press-coverage/news-2

@misc{SauceLabsPressCoverage,
  title         = "{Sauce Labs}, \emph{Sauce Labs Press Coverage}",
  howpublished  = "\betterfakesc{url}: {\url{https://saucelabs.com/press-room/press-coverage/news-2}}",
  note          = "[ONLINE], Accessed: 2016-03-14"
}

@misc{SauceLabsFeatures,
  title         = "{Sauce Labs}, \emph{Sauce Labs Features}",
  howpublished  = "\betterfakesc{url}: {\url{https://saucelabs.com/features}}",
  note          = "[ONLINE], Accessed: 2016-03-14"
}

@book{MortensBok,
  title         = "\emph{Marriott, K. and Stuckey, P. J., 1998}, Programming with {C}onstraints - {A}n {I}ntroduction",
}

@book{Algorithms,
  title         = "\emph{Cormen, T. H., Leiserson, C. E., Rivest, R. L. and Stein, C., 2009}, Introduction to Algorithms - Third Edition",
}

@misc{ortools,
    title = "{Google}, \emph{{OR-Tools User's Manual}}",
    howpublished = "\betterfakesc{url}: {\url{https://or-tools.googlecode.com/svn/trunk/documentation/user_manual/index.html}}",
    note = "[ONLINE], Accessed: 2016-04-19"
}